<?xml version="1.0" encoding="UTF-8"?><collection xmlns="http://www.loc.gov/MARC21/slim"><record><leader>00699nam--2200205-i-4500</leader><controlfield tag="001">000034710</controlfield><controlfield tag="002">20161230</controlfield><controlfield tag="005">20161230201040</controlfield><controlfield tag="008">060222s1000------------r-----000-0-eng-d</controlfield><datafield ind1=" " ind2=" " tag="020"><subfield code="a">9971507927</subfield></datafield><datafield ind1=" " ind2=" " tag="040"><subfield code="a">IFIN-HH</subfield></datafield><datafield ind1=" " ind2=" " tag="080"><subfield code="a">539.12.01:524.8(061.3)</subfield></datafield><datafield ind1="1" ind2=" " tag="100"><subfield code="a">Jevicki, A</subfield></datafield><datafield ind1="1" ind2="0" tag="245"><subfield code="a">Particles, strings, and supernovae</subfield><subfield code="b">Proccedings of the theoretical advanced study institute in elementary particle physics, brown university, providence 6 june-2 july 1988</subfield><subfield code="c">A. jevicki, c.-i. tan (eds.)</subfield></datafield><datafield ind1=" " ind2=" " tag="260"><subfield code="a">Singapore</subfield><subfield code="b">World Scientific</subfield><subfield code="c">1989</subfield></datafield><datafield ind1=" " ind2=" " tag="300"><subfield code="a">TWO VOLUMES</subfield></datafield><datafield ind1="1" ind2=" " tag="700"><subfield code="a">Tan, C.-i</subfield><subfield code="e">Ed</subfield></datafield><datafield ind1="1" ind2=" " tag="787"><subfield code="a">Volume 2</subfield><subfield code="h">/528p./1078p</subfield></datafield><datafield ind1=" " ind2=" " tag="852"><subfield code="a">79155</subfield><subfield code="c">539.12</subfield></datafield><datafield ind1=" " ind2=" " tag="CAT"><subfield code="a">Sys</subfield><subfield code="c">20120201</subfield><subfield code="h">100059</subfield></datafield></record></collection>